<record><leader>00000cas a22000007a 4500</leader><controlfield tag="001">33813103</controlfield><controlfield tag="008">951128d19341948azuwr ne      0    0eng d</controlfield><datafield ind1=" " ind2=" " tag="010"><subfield code="a">sn 95060881 </subfield></datafield><datafield ind1=" " ind2=" " tag="040"><subfield code="a">ANN</subfield><subfield code="b">eng</subfield><subfield code="c">ANN</subfield><subfield code="d">OCLCQ</subfield><subfield code="d">OCLCF</subfield><subfield code="d">OCLCO</subfield></datafield><datafield ind1="1" ind2=" " tag="029"><subfield code="a">AU@</subfield><subfield code="b">000012176291</subfield></datafield><datafield ind1=" " ind2=" " tag="042"><subfield code="a">msc</subfield></datafield><datafield ind1=" " ind2=" " tag="043"><subfield code="a">n-us-az</subfield></datafield><datafield ind1="0" ind2="4" tag="245"><subfield code="a">The Yuma weekly sun and the Yuma examiner.</subfield></datafield><datafield ind1=" " ind2=" " tag="260"><subfield code="a">Yuma, Ariz. :</subfield><subfield code="b">Sun Print. Co.,</subfield><subfield code="c">-1948.</subfield></datafield><datafield ind1=" " ind2=" " tag="300"><subfield code="a">v.</subfield></datafield><datafield ind1=" " ind2=" " tag="310"><subfield code="a">Weekly</subfield></datafield><datafield ind1="1" ind2=" " tag="362"><subfield code="a">Began in 1934.</subfield></datafield><datafield ind1="0" ind2=" " tag="362"><subfield code="a">-v. 44, no. 48 (Nov. 21, 1948).</subfield></datafield><datafield ind1=" " ind2=" " tag="580"><subfield code="a">Merger of: Yuma sun, and: Yuma examiner (Yuma, Ariz. : 1928).</subfield></datafield><datafield ind1=" " ind2=" " tag="588"><subfield code="a">Description based on: Vol. 33, no. 52 (Jan. 1, 1937).</subfield></datafield><datafield ind1=" " ind2="0" tag="651"><subfield code="a">Yuma (Ariz.)</subfield></datafield><datafield ind1=" " ind2="0" tag="651"><subfield code="a">Yuma County (Ariz.)</subfield><subfield code="v">Newspapers.</subfield></datafield><datafield ind1=" " ind2="7" tag="655"><subfield code="a">Newspapers.</subfield><subfield code="2">fast</subfield><subfield code="0">(OCoLC)fst01423814</subfield></datafield><datafield ind1=" " ind2="7" tag="651"><subfield code="a">Arizona</subfield><subfield code="z">Yuma.</subfield><subfield code="2">fast</subfield><subfield code="0">(OCoLC)fst01213905</subfield></datafield><datafield ind1=" " ind2="7" tag="651"><subfield code="a">Arizona</subfield><subfield code="z">Yuma County.</subfield><subfield code="2">fast</subfield><subfield code="0">(OCoLC)fst01214073</subfield></datafield><datafield ind1=" " ind2=" " tag="752"><subfield code="a">United States</subfield><subfield code="b">Arizona</subfield><subfield code="c">Yuma</subfield><subfield code="d">Yuma.</subfield></datafield><datafield ind1="1" ind2="4" tag="780"><subfield code="t">Yuma sun</subfield><subfield code="w">(DLC)sn 95060894</subfield></datafield><datafield ind1="1" ind2="4" tag="780"><subfield code="t">Yuma examiner (Yuma, Ariz. : 1928)</subfield></datafield><datafield ind1="0" ind2="0" tag="785"><subfield code="t">Sun advertiser successor to the Yuma weekly sun and the Yuma examiner</subfield><subfield code="w">(DLC)sn 95060880</subfield></datafield></record>